@FOOTNOTE{Note1,key="Note1",note="See Supplementary materials at [URL will be inserted by AIP] for [give a brief description of the material]."}
@FOOTNOTE{Note2,key="Note2",note="Here is the second footnote. It will appear before the beginning of the bibliography in Author-Year style (default) or it will be interleaved with other references when using the Numbered\discretionary {-}{}{}Refs option."}
@FOOTNOTE{Note3,key="Note3",note="Here is a third footnote."}
